@online{website:gps_receiver,
	author = "Wikipedia Community",
    title = "GPS-receiver",
    url = "http://en.wikipedia.org/wiki/GPS-receiver",
}

@online{website:nmea_0183,
	author = "Wikipedia Community",
    title = "NMEA-0183",
    url = "http://en.wikipedia.org/wiki/NMEA\_0183",
}

@online{website:nmea_2000,
	author = "Wikipedia Community",
    title = "NMEA-2000",
    url = "http://en.wikipedia.org/wiki/NMEA\_2000",
}

@online{website:great_circle_distance,
	author = "Wikipedia Community",
    title = "Great Circle Distance",
    url = "http://en.wikipedia.org/wiki/Great-circle_distance",
}

@online{website:osm,
	author = "Wikipedia Community",
    title = "OSM",
    url = "http://en.wikipedia.org/wiki/OpenStreetMap",
}

@online{website:gis,
	author = "Wikipedia Community",
	title = "GIS",
	url = "http://en.wikipedia.org/wiki/Geographic_information_system",
}